[gd_scene load_steps=9 format=2]

[ext_resource path="res://objects/Goal.tscn" type="PackedScene" id=1]
[ext_resource path="res://objects/InnerGrid.tscn" type="PackedScene" id=2]
[ext_resource path="res://objects/JumpPoint.tscn" type="PackedScene" id=3]
[ext_resource path="res://objects/Player.tscn" type="PackedScene" id=4]
[ext_resource path="res://objects/GridMap.tscn" type="PackedScene" id=5]
[ext_resource path="res://objects/Camera.tscn" type="PackedScene" id=6]
[ext_resource path="res://objects/GameController.gd" type="Script" id=7]

[sub_resource type="GDScript" id=2]
script/source = "extends Node

onready var fadeout : ColorRect = $Overlay/Fadeout
onready var tween : Tween = $Tween

func do_the_thing() -> void:
	Levels.end_time = OS.get_ticks_msec()
	tween.interpolate_property(fadeout, \"color\", null, Color(\"262b44\"), 3.0)
	tween.start()
"

[node name="Level5" type="Spatial"]
script = ExtResource( 7 )

[node name="Player" parent="." instance=ExtResource( 4 )]
transform = Transform( 1, 0, 0, 0, 1, 0, 0, 0, 1, 0, 0, 1 )

[node name="GridMap" parent="." instance=ExtResource( 5 )]
data = {
"cells": PoolIntArray( 2, 0, 1, 65534, 0, 1, -65535, 0, 0, -1, 0, 1048576, 1, 1, 1, -65536, 1, 0, 0, 2, 1, 0, 65534, 1, 65535, 65535, 1, -65536, 65535, 0 )
}

[node name="JumpPoint" parent="." instance=ExtResource( 3 )]
transform = Transform( 1, 0, 0, 0, 1, 0, 0, 0, 1, 0, 0, 1 )

[node name="JumpPoint2" parent="." instance=ExtResource( 3 )]
transform = Transform( 1, 0, 0, 0, 1, 0, 0, 0, 1, -1, 0, 0 )

[node name="JumpPoint3" parent="." instance=ExtResource( 3 )]
transform = Transform( 1, 0, 0, 0, 1, 0, 0, 0, 1, 0, 0, -1 )

[node name="JumpPoint4" parent="." instance=ExtResource( 3 )]
transform = Transform( 1, 0, 0, 0, 1, 0, 0, 0, 1, 1, 0, 0 )

[node name="InnerBit" parent="." instance=ExtResource( 2 )]
transform = Transform( -8.74228e-09, 0, 0.2, 0, 0.2, 0, -0.2, 0, -8.74228e-09, 0, 0, 0 )
which_scale = 1

[node name="GridMap" parent="InnerBit" instance=ExtResource( 5 )]
data = {
"cells": PoolIntArray( -65535, 0, 0, -65534, 0, 655362, 1, 1, 1, 2, 1, 1, 65535, 1, 1, -65536, 1, 1048576, 1, 2, 1, 65535, 2, 1, -65536, 2, 1048578, 65535, 65534, 1, -65536, 65534, 1441794, 0, 65535, 1, 2, 65535, 1, -65535, 65535, 1441794 )
}

[node name="JumpPoint" parent="InnerBit" instance=ExtResource( 3 )]
transform = Transform( 1, 0, 1.77636e-14, 0, 1, 0, -1.77636e-14, 0, 1, 0, 0, -2 )
which_scale = 1

[node name="JumpPoint2" parent="InnerBit" instance=ExtResource( 3 )]
transform = Transform( 1, 0, 1.42109e-14, 0, 1, 0, -1.42109e-14, 0, 1, 2, 0, 0 )
which_scale = 1

[node name="JumpPoint3" parent="InnerBit" instance=ExtResource( 3 )]
transform = Transform( 1, 0, 1.42109e-14, 0, 1, 0, -1.42109e-14, 0, 1, -2, 0, 0 )
which_scale = 1

[node name="JumpPoint4" parent="InnerBit" instance=ExtResource( 3 )]
transform = Transform( 1, 0, 2.13163e-14, 0, 1, 0, -2.13163e-14, 0, 1, 0, 0, 2 )
which_scale = 1

[node name="JumpPoint5" parent="InnerBit" instance=ExtResource( 3 )]
transform = Transform( 1, 0, 1.77636e-14, 0, 1, 0, -1.77636e-14, 0, 1, 1, 0, 0 )
which_scale = 1

[node name="JumpPoint6" parent="InnerBit" instance=ExtResource( 3 )]
transform = Transform( 1, 0, 1.77636e-14, 0, 1, 0, -1.77636e-14, 0, 1, -1, 0, 0 )
which_scale = 1

[node name="JumpPoint7" parent="InnerBit" instance=ExtResource( 3 )]
transform = Transform( 1, 0, 2.4869e-14, 0, 1, 0, -2.4869e-14, 0, 1, 0, 0, 1 )
which_scale = 1

[node name="JumpPoint8" parent="InnerBit" instance=ExtResource( 3 )]
transform = Transform( 1, 0, 2.84217e-14, 0, 1, 0, -2.84217e-14, 0, 1, 1, 0, -1 )
which_scale = 1

[node name="InnerBit" parent="InnerBit" instance=ExtResource( 2 )]
transform = Transform( -0.2, 0, -1.74846e-08, 0, 0.2, 0, 1.74846e-08, 0, -0.2, 0, 0, 0 )
which_scale = 2
can_rotate = true

[node name="GridMap" parent="InnerBit/InnerBit" instance=ExtResource( 5 )]
data = {
"cells": PoolIntArray( 1, 0, 1, 65535, 0, 1, -65536, 0, 1048576, 1, 1, 1, 65535, 1, 1, -65536, 1, 1048576, 1, 2, 1, 65535, 2, 1, -65536, 2, 1048576, 1, 65534, 1, 65535, 65534, 1, -65536, 65534, 1048576, 0, 65535, 1 )
}

[node name="JumpPoint" parent="InnerBit/InnerBit" instance=ExtResource( 3 )]
transform = Transform( 1, 0, 1.42109e-14, 0, 1, 0, -1.42109e-14, 0, 1, 0, 0, -2 )
which_scale = 2

[node name="JumpPoint2" parent="InnerBit/InnerBit" instance=ExtResource( 3 )]
transform = Transform( 1, 0, 1.42109e-14, 0, 1, 0, -1.42109e-14, 0, 1, 0, 0, 2 )
which_scale = 2

[node name="Goal" parent="InnerBit/InnerBit" instance=ExtResource( 1 )]

[node name="InnerBit2" parent="InnerBit" instance=ExtResource( 2 )]
transform = Transform( -8.74228e-09, 0, 0.2, 0, 0.2, 0, -0.2, 0, -8.74228e-09, 1, 0, -2 )
which_scale = 2

[node name="GridMap" parent="InnerBit/InnerBit2" instance=ExtResource( 5 )]
data = {
"cells": PoolIntArray( 1, 0, 1, -65536, 0, 0, -2, 0, 2, -1, 0, 2, 0, 1, 1, 65534, 1, 1, 65535, 1, 1, 1, 65534, 1, 65535, 65534, 1, -65536, 65534, 1441794, 1, 65535, 1, 65534, 65535, 1, 65535, 65535, 1, -65536, 65535, 1441794 )
}

[node name="JumpPoint" parent="InnerBit/InnerBit2" instance=ExtResource( 3 )]
transform = Transform( 1, 0, 1.42109e-14, 0, 1, 0, -1.42109e-14, 0, 1, 0, 0, -2 )
which_scale = 2

[node name="JumpPoint2" parent="InnerBit/InnerBit2" instance=ExtResource( 3 )]
transform = Transform( 1, 0, 1.42109e-14, 0, 1, 0, -1.42109e-14, 0, 1, -2, 0, 0 )
which_scale = 2

[node name="InnerBit2" parent="." instance=ExtResource( 2 )]
transform = Transform( 0.2, 0, 0, 0, 0.2, 0, 0, 0, 0.2, -1, 0, 1 )
which_scale = 1

[node name="GridMap" parent="InnerBit2" instance=ExtResource( 5 )]
data = {
"cells": PoolIntArray( 65534, 0, 1441793, -65535, 0, 655360, -65534, 0, 655362, -1, 0, 1441792, 2, 1, 1, -65536, 1, 655360, 1, 2, 1, -1, 2, 655360, 65535, 3, 1, 1, 65534, 1, 65535, 65534, 1441793, -65536, 65534, 1441794, 1, 65535, 1, 2, 65535, 1, 65534, 65535, 1441793, -1, 65535, 1441792 )
}

[node name="JumpPoint" parent="InnerBit2" instance=ExtResource( 3 )]
transform = Transform( 1, 0, 1.77636e-14, 0, 1, 0, -1.77636e-14, 0, 1, 0, 0, -2 )
which_scale = 1

[node name="JumpPoint2" parent="InnerBit2" instance=ExtResource( 3 )]
transform = Transform( 1, 0, 1.77636e-14, 0, 1, 0, -1.77636e-14, 0, 1, 2, 0, 0 )
which_scale = 1

[node name="JumpPoint3" parent="InnerBit2" instance=ExtResource( 3 )]
transform = Transform( 1, 0, 1.77636e-14, 0, 1, 0, -1.77636e-14, 0, 1, 0, 0, 1 )
which_scale = 1

[node name="JumpPoint4" parent="InnerBit2" instance=ExtResource( 3 )]
transform = Transform( 1, 0, 1.77636e-14, 0, 1, 0, -1.77636e-14, 0, 1, 1, 0, 0 )
which_scale = 1

[node name="JumpPoint5" parent="InnerBit2" instance=ExtResource( 3 )]
transform = Transform( 1, 0, 1.77636e-14, 0, 1, 0, -1.77636e-14, 0, 1, -1, 0, 2 )
which_scale = 1

[node name="JumpPoint6" parent="InnerBit2" instance=ExtResource( 3 )]
transform = Transform( 1, 0, 1.77636e-14, 0, 1, 0, -1.77636e-14, 0, 1, -1, 0, 0 )
which_scale = 1

[node name="JumpPoint7" parent="InnerBit2" instance=ExtResource( 3 )]
transform = Transform( 1, 0, 1.77636e-14, 0, 1, 0, -1.77636e-14, 0, 1, -1, 0, -1 )
which_scale = 1

[node name="InnerBit" parent="InnerBit2" instance=ExtResource( 2 )]
transform = Transform( -8.74228e-09, 0, 0.2, 0, 0.2, 0, -0.2, 0, -8.74228e-09, 0, 0, 0 )
which_scale = 2
can_rotate = true

[node name="GridMap" parent="InnerBit2/InnerBit" instance=ExtResource( 5 )]
data = {
"cells": PoolIntArray( -65536, 0, 1441792, -65535, 0, 1441792, -65534, 0, 1441792, -2, 0, 1441792, -1, 0, 1441792, 0, 1, 1441793, 1, 1, 1441793, 2, 1, 1441793, 65534, 1, 1441793, 65535, 1, 1441793, 0, 65535, 1441793, 1, 65535, 1441793, 2, 65535, 1441793, 65534, 65535, 1441793, 65535, 65535, 1441793 )
}

[node name="JumpPoint2" parent="InnerBit2/InnerBit" instance=ExtResource( 3 )]
transform = Transform( 1, 0, 1.42109e-14, 0, 1, 0, -1.42109e-14, 0, 1, 2, 0, 0 )
which_scale = 2

[node name="JumpPoint3" parent="InnerBit2/InnerBit" instance=ExtResource( 3 )]
transform = Transform( 1, 0, 1.42109e-14, 0, 1, 0, -1.42109e-14, 0, 1, -2, 0, 0 )
which_scale = 2

[node name="InnerBit3" parent="InnerBit2" instance=ExtResource( 2 )]
transform = Transform( -8.74228e-09, 0, -0.2, 0, 0.2, 0, 0.2, 0, -8.74228e-09, -1, 0, 1 )
which_scale = 2

[node name="GridMap" parent="InnerBit2/InnerBit3" instance=ExtResource( 5 )]
data = {
"cells": PoolIntArray( 65535, 0, 1, -65536, 0, 1441792, -65535, 0, 655362, -65534, 0, 655362, 0, 1, 1, 1, 1, 1, 2, 1, 1, 1, 65534, 1, 65535, 65534, 1, -65536, 65534, 1441794, 1, 65535, 1, 2, 65535, 1, 65535, 65535, 1, -65536, 65535, 1441794 )
}

[node name="JumpPoint" parent="InnerBit2/InnerBit3" instance=ExtResource( 3 )]
transform = Transform( 1, 0, 1.42109e-14, 0, 1, 0, -1.42109e-14, 0, 1, 0, 0, -2 )
which_scale = 2

[node name="JumpPoint2" parent="InnerBit2/InnerBit3" instance=ExtResource( 3 )]
transform = Transform( 1, 0, 1.42109e-14, 0, 1, 0, -1.42109e-14, 0, 1, 2, 0, 0 )
which_scale = 2

[node name="InnerBit7" parent="InnerBit2" instance=ExtResource( 2 )]
transform = Transform( -8.74228e-09, 0, 0.2, 0, 0.2, 0, -0.2, 0, -8.74228e-09, 1, 0, 1 )
which_scale = 2

[node name="GridMap" parent="InnerBit2/InnerBit7" instance=ExtResource( 5 )]
data = {
"cells": PoolIntArray( 65535, 0, 1, -65536, 0, 1441792, -65535, 0, 655362, -65534, 0, 655362, 0, 1, 1, 1, 1, 1, 2, 1, 1, 1, 65534, 1, 65535, 65534, 1, -65536, 65534, 1441794, 1, 65535, 1, 2, 65535, 1, 65535, 65535, 1, -65536, 65535, 1441794 )
}

[node name="JumpPoint" parent="InnerBit2/InnerBit7" instance=ExtResource( 3 )]
transform = Transform( 1, 0, 1.42109e-14, 0, 1, 0, -1.42109e-14, 0, 1, 0, 0, -2 )
which_scale = 2

[node name="JumpPoint2" parent="InnerBit2/InnerBit7" instance=ExtResource( 3 )]
transform = Transform( 1, 0, 1.42109e-14, 0, 1, 0, -1.42109e-14, 0, 1, 2, 0, 0 )
which_scale = 2

[node name="InnerBit4" parent="InnerBit2" instance=ExtResource( 2 )]
transform = Transform( -8.74228e-09, 0, -0.2, 0, 0.2, 0, 0.2, 0, -8.74228e-09, 0, 0, 2 )
which_scale = 2
can_rotate = true

[node name="GridMap" parent="InnerBit2/InnerBit4" instance=ExtResource( 5 )]
data = {
"cells": PoolIntArray( 0, 1, 1, 1, 2, 1, 65535, 2, 1, -65536, 2, 1048576, 1, 65534, 1, 65535, 65534, 1, -65536, 65534, 655360, 0, 65535, 1 )
}

[node name="JumpPoint" parent="InnerBit2/InnerBit4" instance=ExtResource( 3 )]
transform = Transform( 1, 0, 1.42109e-14, 0, 1, 0, -1.42109e-14, 0, 1, 0, 0, 2 )
which_scale = 2

[node name="JumpPoint2" parent="InnerBit2/InnerBit4" instance=ExtResource( 3 )]
transform = Transform( 1, 0, 1.42109e-14, 0, 1, 0, -1.42109e-14, 0, 1, 0, 0, -2 )
which_scale = 2

[node name="InnerBit6" parent="InnerBit2" instance=ExtResource( 2 )]
transform = Transform( -8.74228e-09, 0, 0.2, 0, 0.2, 0, -0.2, 0, -8.74228e-09, 0, 0, -1 )
which_scale = 2

[node name="GridMap" parent="InnerBit2/InnerBit6" instance=ExtResource( 5 )]
data = {
"cells": PoolIntArray( 65534, 0, 1441793, 65535, 0, 1, -65536, 0, 1441792, -65535, 0, 655362, -65534, 0, 655362, 0, 1, 1, 1, 1, 1, 2, 1, 1, 1, 65534, 1, 65535, 65534, 1, -65536, 65534, 1441794, 1, 65535, 1, 2, 65535, 1, 65535, 65535, 1, -65536, 65535, 1441794 )
}

[node name="JumpPoint" parent="InnerBit2/InnerBit6" instance=ExtResource( 3 )]
transform = Transform( 1, 0, 1.42109e-14, 0, 1, 0, -1.42109e-14, 0, 1, 0, 0, -2 )
which_scale = 2

[node name="JumpPoint2" parent="InnerBit2/InnerBit6" instance=ExtResource( 3 )]
transform = Transform( 1, 0, 1.42109e-14, 0, 1, 0, -1.42109e-14, 0, 1, 2, 0, 0 )
which_scale = 2

[node name="InnerBit5" parent="InnerBit2" instance=ExtResource( 2 )]
transform = Transform( 0.2, 0, 0, 0, 0.2, 0, 0, 0, 0.2, -2, 0, 2 )
which_scale = 2
can_rotate = true

[node name="GridMap" parent="InnerBit2/InnerBit5" instance=ExtResource( 5 )]
data = {
"cells": PoolIntArray( 65535, 0, 1, -65536, 0, 1441792, -65535, 0, 655362, -65534, 0, 655362, 0, 1, 1, 1, 1, 1, 2, 1, 1, 0, 65535, 1, 1, 65535, 1, 2, 65535, 1 )
}

[node name="JumpPoint" parent="InnerBit2/InnerBit5" instance=ExtResource( 3 )]
transform = Transform( 1, 0, 1.42109e-14, 0, 1, 0, -1.42109e-14, 0, 1, 2, 0, 0 )
which_scale = 2

[node name="InnerBit3" parent="." instance=ExtResource( 2 )]
transform = Transform( 0.2, 0, 0, 0, 0.2, 0, 0, 0, 0.2, 1, 0, -1 )
which_scale = 1

[node name="GridMap" parent="InnerBit3" instance=ExtResource( 5 )]
data = {
"cells": PoolIntArray( 0, 0, 1441793, 3, 0, 1441793, -65535, 0, 1441792, -2, 0, 2, -1, 0, 0, 3, 1, 1441793, 65534, 1, 1, -65536, 1, 0, -65534, 1, 1441792, 1, 2, 1, 2, 2, 1441793, 65535, 2, 1, -65536, 2, 1048578, 0, 65533, 1, 1, 65533, 1, 2, 65534, 1, 65535, 65534, 1, -65535, 65534, 0, 2, 65535, 1, 65534, 65535, 1, -65536, 65535, 0 )
}

[node name="JumpPoint" parent="InnerBit3" instance=ExtResource( 3 )]
transform = Transform( 1, 0, 0, 0, 1, 0, 0, 0, 1, -2, 0, 0 )
which_scale = 1

[node name="JumpPoint2" parent="InnerBit3" instance=ExtResource( 3 )]
transform = Transform( 1, 0, 0, 0, 1, 0, 0, 0, 1, -1, 0, 0 )
which_scale = 1

[node name="JumpPoint3" parent="InnerBit3" instance=ExtResource( 3 )]
transform = Transform( 1, 0, 0, 0, 1, 0, 0, 0, 1, 0, 0, 1 )
which_scale = 1

[node name="JumpPoint4" parent="InnerBit3" instance=ExtResource( 3 )]
transform = Transform( 1, 0, 0, 0, 1, 0, 0, 0, 1, 2, 0, 1 )
which_scale = 1

[node name="JumpPoint5" parent="InnerBit3" instance=ExtResource( 3 )]
transform = Transform( 1, 0, 0, 0, 1, 0, 0, 0, 1, 0, 0, -1 )
which_scale = 1

[node name="JumpPoint6" parent="InnerBit3" instance=ExtResource( 3 )]
transform = Transform( 1, 0, 0, 0, 1, 0, 0, 0, 1, 1, 0, 0 )
which_scale = 1

[node name="JumpPoint7" parent="InnerBit3" instance=ExtResource( 3 )]
transform = Transform( 1, 0, 0, 0, 1, 0, 0, 0, 1, 1, 0, -2 )
which_scale = 1

[node name="JumpPoint8" parent="InnerBit3" instance=ExtResource( 3 )]
transform = Transform( 1, 0, 0, 0, 1, 0, 0, 0, 1, 0, 0, 2 )
which_scale = 1

[node name="InnerBit" parent="InnerBit3" instance=ExtResource( 2 )]
transform = Transform( 2.38498e-09, 0, -0.2, 0, 0.2, 0, 0.2, 0, 2.38498e-09, -1, 0, 1 )
which_scale = 2
can_rotate = true

[node name="GridMap" parent="InnerBit3/InnerBit" instance=ExtResource( 5 )]
data = {
"cells": PoolIntArray( 65535, 0, 1441793, -65536, 0, 1441792, -65535, 0, 1441792, -65534, 0, 1441792, -2, 0, 1441792, 1, 1, 1, 2, 1, 1, 65534, 1, 1441793, 65535, 1, 1441793, -65536, 1, 1441792, 1, 2, 1441793, 65535, 2, 1441793, -65536, 2, 1441792, 0, 65535, 1441793, 1, 65535, 1, 2, 65535, 1, 65534, 65535, 1441793 )
}

[node name="JumpPoint" parent="InnerBit3/InnerBit" instance=ExtResource( 3 )]
transform = Transform( 1, 0, 0, 0, 1, 0, 0, 0, 1, 2, 0, 0 )
which_scale = 2

[node name="JumpPoint2" parent="InnerBit3/InnerBit" instance=ExtResource( 3 )]
transform = Transform( 1, 0, 0, 0, 1, 0, 0, 0, 1, 0, 0, 2 )
which_scale = 2

[node name="JumpPoint3" parent="InnerBit3/InnerBit" instance=ExtResource( 3 )]
transform = Transform( 1, 0, 0, 0, 1, 0, 0, 0, 1, -2, 0, 0 )
which_scale = 2

[node name="InnerBit2" parent="InnerBit3" instance=ExtResource( 2 )]
transform = Transform( -0.2, 0, -1.74846e-08, 0, 0.2, 0, 1.74846e-08, 0, -0.2, -1, 0, -1 )
which_scale = 2

[node name="GridMap" parent="InnerBit3/InnerBit2" instance=ExtResource( 5 )]
data = {
"cells": PoolIntArray( 1, 0, 1, -65536, 0, 0, -2, 0, 2, -1, 0, 2, 0, 1, 1, 65534, 1, 1, 65535, 1, 1, 1, 65534, 1, 65535, 65534, 1, -65536, 65534, 1441794, 1, 65535, 1, 65534, 65535, 1, 65535, 65535, 1, -65536, 65535, 1441794 )
}

[node name="JumpPoint" parent="InnerBit3/InnerBit2" instance=ExtResource( 3 )]
transform = Transform( 1, 0, 0, 0, 1, 0, 0, 0, 1, -2, 0, 0 )
which_scale = 2

[node name="JumpPoint2" parent="InnerBit3/InnerBit2" instance=ExtResource( 3 )]
transform = Transform( 1, 0, 0, 0, 1, 0, 0, 0, 1, 0, 0, -2 )
which_scale = 2

[node name="InnerBit3" parent="InnerBit3" instance=ExtResource( 2 )]
transform = Transform( 0.2, 0, 0, 0, 0.2, 0, 0, 0, 0.2, 1, 0, -1 )
which_scale = 2
can_rotate = true

[node name="GridMap" parent="InnerBit3/InnerBit3" instance=ExtResource( 5 )]
data = {
"cells": PoolIntArray( 65535, 0, 1, -65536, 0, 0, -65535, 0, 0, -65534, 0, 0, -2, 0, 0, -1, 0, 0, 0, 1, 1, 1, 1, 1, 2, 1, 1, 65534, 1, 1, 65535, 1, 1, 0, 65535, 1, 1, 65535, 1, 2, 65535, 1, 65534, 65535, 1, 65535, 65535, 1 )
}

[node name="JumpPoint" parent="InnerBit3/InnerBit3" instance=ExtResource( 3 )]
transform = Transform( 1, 0, 0, 0, 1, 0, 0, 0, 1, -2, 0, 0 )
which_scale = 2

[node name="JumpPoint2" parent="InnerBit3/InnerBit3" instance=ExtResource( 3 )]
transform = Transform( 1, 0, 0, 0, 1, 0, 0, 0, 1, 2, 0, 0 )
which_scale = 2

[node name="InnerBit4" parent="InnerBit3" instance=ExtResource( 2 )]
transform = Transform( 0.2, 0, 0, 0, 0.2, 0, 0, 0, 0.2, 0, 0, -2 )
which_scale = 2

[node name="GridMap" parent="InnerBit3/InnerBit4" instance=ExtResource( 5 )]
data = {
"cells": PoolIntArray( 65535, 0, 1, -65536, 0, 1048576, -65535, 0, 655362, -65534, 0, 655362, 1, 1, 1, 2, 1, 1, 65535, 1, 1, -65536, 1, 1048578, 1, 2, 1, 65535, 2, 1, -65536, 2, 1048578, 0, 65535, 1, 1, 65535, 1, 2, 65535, 1 )
}

[node name="JumpPoint" parent="InnerBit3/InnerBit4" instance=ExtResource( 3 )]
transform = Transform( 1, 0, 0, 0, 1, 0, 0, 0, 1, 0, 0, 2 )
which_scale = 2

[node name="JumpPoint2" parent="InnerBit3/InnerBit4" instance=ExtResource( 3 )]
transform = Transform( 1, 0, 0, 0, 1, 0, 0, 0, 1, 2, 0, 0 )
which_scale = 2

[node name="InnerBit5" parent="InnerBit3" instance=ExtResource( 2 )]
transform = Transform( 0.2, 0, 0, 0, 0.2, 0, 0, 0, 0.2, 2, 0, 0 )
which_scale = 2

[node name="GridMap" parent="InnerBit3/InnerBit5" instance=ExtResource( 5 )]
data = {
"cells": PoolIntArray( 1, 0, 1, -65536, 0, 1048576, -2, 0, 2, -1, 0, 2, 1, 1, 1048577, 65534, 1, 1, 65535, 1, 1, -65536, 1, 1048578, 1, 2, 1048577, 65535, 2, 1048577, -65536, 2, 1048578, 0, 65535, 1, 65534, 65535, 1, 65535, 65535, 1 )
}

[node name="JumpPoint" parent="InnerBit3/InnerBit5" instance=ExtResource( 3 )]
transform = Transform( 1, 0, 0, 0, 1, 0, 0, 0, 1, -2, 0, 0 )
which_scale = 2

[node name="JumpPoint2" parent="InnerBit3/InnerBit5" instance=ExtResource( 3 )]
transform = Transform( 1, 0, 0, 0, 1, 0, 0, 0, 1, 0, 0, 2 )
which_scale = 2

[node name="InnerBit6" parent="InnerBit3" instance=ExtResource( 2 )]
transform = Transform( 0.2, 0, 0, 0, 0.2, 0, 0, 0, 0.2, 1, 0, 1 )
which_scale = 2
can_rotate = true

[node name="GridMap" parent="InnerBit3/InnerBit6" instance=ExtResource( 5 )]
data = {
"cells": PoolIntArray( 1, 0, 1048577, -65536, 0, 1048576, -65534, 0, 1048576, -2, 0, 1048576, -1, 0, 1048576, 1, 1, 1048577, 2, 1, 1048577, 65534, 1, 1048577, 65535, 1, 1048577, -65536, 1, 1048576, 1, 2, 1048577, 65535, 2, 1048577, -65536, 2, 1048576, 0, 65535, 1048577, 2, 65535, 1048577, 65534, 65535, 1048577, 65535, 65535, 1048577 )
}

[node name="JumpPoint" parent="InnerBit3/InnerBit6" instance=ExtResource( 3 )]
transform = Transform( 1, 0, 0, 0, 1, 0, 0, 0, 1, -2, 0, 0 )
which_scale = 2

[node name="JumpPoint2" parent="InnerBit3/InnerBit6" instance=ExtResource( 3 )]
transform = Transform( 1, 0, 0, 0, 1, 0, 0, 0, 1, 0, 0, 2 )
which_scale = 2

[node name="JumpPoint3" parent="InnerBit3/InnerBit6" instance=ExtResource( 3 )]
transform = Transform( 1, 0, 0, 0, 1, 0, 0, 0, 1, 2, 0, 0 )
which_scale = 2

[node name="InnerBit7" parent="InnerBit3" instance=ExtResource( 2 )]
transform = Transform( 0.2, 0, 0, 0, 0.2, 0, 0, 0, 0.2, 3, 0, 1 )
which_scale = 2

[node name="GridMap" parent="InnerBit3/InnerBit7" instance=ExtResource( 5 )]
data = {
"cells": PoolIntArray( 1, 0, 1, -65536, 0, 1048576, -2, 0, 2, -1, 0, 2, 0, 1, 1441793, 65534, 1, 1, 65535, 1, 1, 0, 65535, 1, 65534, 65535, 1, 65535, 65535, 1 )
}

[node name="JumpPoint" parent="InnerBit3/InnerBit7" instance=ExtResource( 3 )]
transform = Transform( 1, 0, 0, 0, 1, 0, 0, 0, 1, -2, 0, 0 )
which_scale = 2

[node name="Camera" parent="." instance=ExtResource( 6 )]
transform = Transform( 0.866025, -0.25, 0.433013, 0, 0.866025, 0.5, -0.5, -0.433013, 0.75, 4, 4, 6 )
path_player = NodePath("../Player")

[node name="OmniLight" type="OmniLight" parent="."]
transform = Transform( 1, 0, 0, 0, 1, 0, 0, 0, 1, 0, 2, 0 )

[node name="Ending" type="Node" parent="."]
script = SubResource( 2 )

[node name="Tween" type="Tween" parent="Ending"]

[node name="Overlay" type="CanvasLayer" parent="Ending"]

[node name="Fadeout" type="ColorRect" parent="Ending/Overlay"]
anchor_right = 1.0
anchor_bottom = 1.0
color = Color( 0.14902, 0.168627, 0.266667, 0 )
__meta__ = {
"_edit_use_anchors_": false
}

[connection signal="goal_reached" from="Player" to="Ending" method="do_the_thing"]
