[gd_scene load_steps=8 format=2]

[ext_resource path="res://objects/GridMap.tscn" type="PackedScene" id=1]
[ext_resource path="res://objects/Player.tscn" type="PackedScene" id=2]
[ext_resource path="res://objects/JumpPoint.tscn" type="PackedScene" id=3]
[ext_resource path="res://objects/InnerGrid.tscn" type="PackedScene" id=4]
[ext_resource path="res://objects/Goal.tscn" type="PackedScene" id=5]
[ext_resource path="res://objects/Camera.tscn" type="PackedScene" id=6]
[ext_resource path="res://objects/GameController.gd" type="Script" id=7]

[node name="Level1" type="Spatial"]
script = ExtResource( 7 )

[node name="Player" parent="." instance=ExtResource( 2 )]
transform = Transform( 1, 0, 0, 0, 1, 0, 0, 0, 1, -1, 0, 1 )

[node name="GridMap" parent="." instance=ExtResource( 1 )]
data = {
"cells": PoolIntArray( 0, 0, 1, 3, 0, 1, 65535, 0, 1, -65535, 0, 0, -65534, 0, 0, 3, 1, 1, 65534, 1, 1, -65536, 1, 0, -65534, 1, 0, -1, 1, 0, 0, 2, 1, 2, 2, 1, 65535, 2, 1, -65535, 2, 0, 0, 3, 1, 2, 3, 1, -65535, 3, 0, 1, 4, 1, 1, 65535, 1, 2, 65535, 1 )
}

[node name="JumpPoint" parent="." instance=ExtResource( 3 )]
transform = Transform( 1, 0, 0, 0, 1, 0, 0, 0, 1, 0, 0, 1 )

[node name="JumpPoint2" parent="." instance=ExtResource( 3 )]
transform = Transform( 1, 0, 0, 0, 1, 0, 0, 0, 1, 1, 0, 0 )

[node name="JumpPoint3" parent="." instance=ExtResource( 3 )]
transform = Transform( 1, 0, 0, 0, 1, 0, 0, 0, 1, 2, 0, 1 )

[node name="JumpPoint4" parent="." instance=ExtResource( 3 )]
transform = Transform( 1, 0, 0, 0, 1, 0, 0, 0, 1, 1, 0, 2 )

[node name="InnerBit" parent="." instance=ExtResource( 4 )]
transform = Transform( -8.74228e-09, 0, 0.2, 0, 0.2, 0, -0.2, 0, -8.74228e-09, 1, 0, 1 )
which_scale = 1

[node name="GridMap" parent="InnerBit" instance=ExtResource( 1 )]
data = {
"cells": PoolIntArray( 0, 0, 1, 2, 0, 3, 65534, 0, 3, -65535, 0, 655362, -65534, 0, 655362, -2, 0, 2, -1, 0, 2, 1, 1, 1, 2, 1, 1, 65534, 1, 1, 65535, 1, 1, -65536, 1, 1048578, 0, 2, 3, 1, 2, 1, 2, 2, 1, 65534, 2, 1, 65535, 2, 1, -65536, 2, 1048578, 0, 65534, 3, 1, 65534, 1, 2, 65534, 1, 65534, 65534, 1, 65535, 65534, 1, -65536, 65534, 1441794, 1, 65535, 1, 2, 65535, 1, 65534, 65535, 1, 65535, 65535, 1, -65536, 65535, 1441794 )
}

[node name="JumpPoint" parent="InnerBit" instance=ExtResource( 3 )]
transform = Transform( 1, 0, 1.42109e-14, 0, 1, 0, -1.42109e-14, 0, 1, 0, 0, -2 )
which_scale = 1

[node name="JumpPoint5" parent="InnerBit" instance=ExtResource( 3 )]
transform = Transform( 1, 0, 1.77636e-14, 0, 1, 0, -1.77636e-14, 0, 1, 0, 0, -1 )
which_scale = 1

[node name="JumpPoint2" parent="InnerBit" instance=ExtResource( 3 )]
transform = Transform( 1, 0, 1.42109e-14, 0, 1, 0, -1.42109e-14, 0, 1, 2, 0, 0 )
which_scale = 1

[node name="JumpPoint6" parent="InnerBit" instance=ExtResource( 3 )]
transform = Transform( 1, 0, 1.42109e-14, 0, 1, 0, -1.42109e-14, 0, 1, 1, 0, 0 )
which_scale = 1

[node name="JumpPoint3" parent="InnerBit" instance=ExtResource( 3 )]
transform = Transform( 1, 0, 1.42109e-14, 0, 1, 0, -1.42109e-14, 0, 1, 0, 0, 2 )
which_scale = 1

[node name="JumpPoint7" parent="InnerBit" instance=ExtResource( 3 )]
transform = Transform( 1, 0, 1.42109e-14, 0, 1, 0, -1.42109e-14, 0, 1, 0, 0, 1 )
which_scale = 1

[node name="JumpPoint4" parent="InnerBit" instance=ExtResource( 3 )]
transform = Transform( 1, 0, 1.42109e-14, 0, 1, 0, -1.42109e-14, 0, 1, -2, 0, 0 )
which_scale = 1

[node name="JumpPoint8" parent="InnerBit" instance=ExtResource( 3 )]
transform = Transform( 1, 0, 1.42109e-14, 0, 1, 0, -1.42109e-14, 0, 1, -1, 0, 0 )
which_scale = 1

[node name="InnerBit2" parent="InnerBit" instance=ExtResource( 4 )]
transform = Transform( 0.2, 0, -1.77636e-15, 0, 0.2, 0, 1.77636e-15, 0, 0.2, 0, 0, 0 )
which_scale = 2

[node name="GridMap" parent="InnerBit/InnerBit2" instance=ExtResource( 1 )]
data = {
"cells": PoolIntArray( 0, 0, 1, 2, 0, 3, 65534, 0, 3, -65535, 0, 0, -65534, 0, 655362, -2, 0, 2, -1, 0, 0, 1, 1, 1, 2, 1, 1, 65534, 1, 1, -65536, 1, 0, -1, 1, 0, 0, 2, 3, 1, 2, 1, 2, 2, 1, 65534, 2, 1, 65535, 2, 1, -65536, 2, 1048578, 0, 65534, 3, 1, 65534, 1, 2, 65534, 1, 65534, 65534, 1, 65535, 65534, 1, -65536, 65534, 1441794, 2, 65535, 1, 65534, 65535, 1, 65535, 65535, 1, -65536, 65535, 0, -65535, 65535, 0 )
}

[node name="JumpPoint" parent="InnerBit/InnerBit2" instance=ExtResource( 3 )]
transform = Transform( 1, 0, 1.42109e-14, 0, 1, 0, -1.42109e-14, 0, 1, 0, 0, -2 )
which_scale = 2

[node name="JumpPoint2" parent="InnerBit/InnerBit2" instance=ExtResource( 3 )]
transform = Transform( 1, 0, 1.42109e-14, 0, 1, 0, -1.42109e-14, 0, 1, 2, 0, 0 )
which_scale = 2

[node name="JumpPoint3" parent="InnerBit/InnerBit2" instance=ExtResource( 3 )]
transform = Transform( 1, 0, 1.42109e-14, 0, 1, 0, -1.42109e-14, 0, 1, 0, 0, 2 )
which_scale = 2

[node name="JumpPoint4" parent="InnerBit/InnerBit2" instance=ExtResource( 3 )]
transform = Transform( 1, 0, 1.42109e-14, 0, 1, 0, -1.42109e-14, 0, 1, -2, 0, 0 )
which_scale = 2

[node name="Goal" parent="." instance=ExtResource( 5 )]
transform = Transform( 1, 0, 0, 0, 1, 0, 0, 0, 1, 1, 0, 3 )

[node name="Camera" parent="." instance=ExtResource( 6 )]
transform = Transform( 0.866025, -0.25, 0.433013, 0, 0.866025, 0.5, -0.5, -0.433013, 0.75, 4, 3, 5 )
path_player = NodePath("../Player")

[node name="OmniLight" type="OmniLight" parent="."]
transform = Transform( 1, 0, 0, 0, 1, 0, 0, 0, 1, 1, 2, 1 )
