[gd_scene load_steps=8 format=2]

[ext_resource path="res://objects/GridMap.tscn" type="PackedScene" id=1]
[ext_resource path="res://sprites/logo.png" type="Texture" id=2]
[ext_resource path="res://fonts/PixelOperator.ttf" type="DynamicFontData" id=3]
[ext_resource path="res://scenes/TitleScreen.gd" type="Script" id=4]

[sub_resource type="GDScript" id=1]
script/source = "extends Spatial

func _process(delta : float) -> void:
	rotation.y += delta * 0.1
"

[sub_resource type="DynamicFont" id=3]
size = 32
font_data = ExtResource( 3 )

[sub_resource type="DynamicFont" id=2]
font_data = ExtResource( 3 )

[node name="TitleScreen" type="Spatial"]
script = ExtResource( 4 )

[node name="Level4" type="Spatial" parent="."]

[node name="GridMap" parent="Level4" instance=ExtResource( 1 )]
data = {
"cells": PoolIntArray( -65535, 0, 0, -1, 0, 1048576, -65536, 1, 0, -65536, 65535, 0 )
}

[node name="GridMap11" parent="Level4" instance=ExtResource( 1 )]
transform = Transform( 0.2, 0, 0, 0, 0.2, 0, 0, 0, 0.2, 1, 0, -1 )
data = {
"cells": PoolIntArray( 0, 0, 1441793, 3, 0, 1441793, -65535, 0, 1441792, -2, 0, 2, -1, 0, 0, 3, 1, 1441793, 65534, 1, 1, -65536, 1, 0, -65534, 1, 1441792, 1, 2, 1, 2, 2, 1441793, 65535, 2, 1, -65536, 2, 1048578, 0, 65533, 1, 1, 65533, 1, 2, 65534, 1, 65535, 65534, 1, -65535, 65534, 0, 2, 65535, 1, 65534, 65535, 1, -65536, 65535, 0 )
}

[node name="GridMap12" parent="Level4" instance=ExtResource( 1 )]
transform = Transform( 4.76996e-10, 0, -0.04, 0, 0.04, 0, 0.04, 0, 4.76996e-10, 0.8, 0, -0.8 )
data = {
"cells": PoolIntArray( 65535, 0, 1441793, -65536, 0, 1441792, -65535, 0, 1441792, -65534, 0, 1441792, -2, 0, 1441792, 1, 1, 1, 2, 1, 1, 65534, 1, 1441793, 65535, 1, 1441793, -65536, 1, 1441792, 1, 2, 1441793, 65535, 2, 1441793, -65536, 2, 1441792, 0, 65535, 1441793, 1, 65535, 1, 2, 65535, 1, 65534, 65535, 1441793 )
}

[node name="GridMap13" parent="Level4" instance=ExtResource( 1 )]
transform = Transform( -0.04, 0, -3.49692e-09, 0, 0.04, 0, 3.49692e-09, 0, -0.04, 0.8, 0, -1.2 )
data = {
"cells": PoolIntArray( 1, 0, 1, -65536, 0, 0, -2, 0, 2, -1, 0, 2, 0, 1, 1, 65534, 1, 1, 65535, 1, 1, 1, 65534, 1, 65535, 65534, 1, -65536, 65534, 1441794, 1, 65535, 1, 65534, 65535, 1, 65535, 65535, 1, -65536, 65535, 1441794 )
}

[node name="GridMap14" parent="Level4" instance=ExtResource( 1 )]
transform = Transform( 0.04, 0, 0, 0, 0.04, 0, 0, 0, 0.04, 1.2, 0, -1.2 )
data = {
"cells": PoolIntArray( 65535, 0, 1, -65536, 0, 0, -65535, 0, 0, -65534, 0, 0, -2, 0, 0, -1, 0, 0, 0, 1, 1, 1, 1, 1, 2, 1, 1, 65534, 1, 1, 65535, 1, 1, 0, 65535, 1, 1, 65535, 1, 2, 65535, 1, 65534, 65535, 1, 65535, 65535, 1 )
}

[node name="GridMap15" parent="Level4" instance=ExtResource( 1 )]
transform = Transform( 0.04, 0, 0, 0, 0.04, 0, 0, 0, 0.04, 1, 0, -1.4 )
data = {
"cells": PoolIntArray( 65535, 0, 1, -65536, 0, 1048576, -65535, 0, 655362, -65534, 0, 655362, 1, 1, 1, 2, 1, 1, 65535, 1, 1, -65536, 1, 1048578, 1, 2, 1, 65535, 2, 1, -65536, 2, 1048578, 0, 65535, 1, 1, 65535, 1, 2, 65535, 1 )
}

[node name="GridMap16" parent="Level4" instance=ExtResource( 1 )]
transform = Transform( 0.04, 0, 0, 0, 0.04, 0, 0, 0, 0.04, 1.4, 0, -1 )
data = {
"cells": PoolIntArray( 1, 0, 1, -65536, 0, 1048576, -2, 0, 2, -1, 0, 2, 1, 1, 1048577, 65534, 1, 1, 65535, 1, 1, -65536, 1, 1048578, 1, 2, 1048577, 65535, 2, 1048577, -65536, 2, 1048578, 0, 65535, 1, 65534, 65535, 1, 65535, 65535, 1 )
}

[node name="GridMap17" parent="Level4" instance=ExtResource( 1 )]
transform = Transform( 0.04, 0, 0, 0, 0.04, 0, 0, 0, 0.04, 1.2, 0, -0.8 )
data = {
"cells": PoolIntArray( 1, 0, 1048577, -65536, 0, 1048576, -65534, 0, 1048576, -2, 0, 1048576, -1, 0, 1048576, 1, 1, 1048577, 2, 1, 1048577, 65534, 1, 1048577, 65535, 1, 1048577, -65536, 1, 1048576, 1, 2, 1048577, 65535, 2, 1048577, -65536, 2, 1048576, 0, 65535, 1048577, 2, 65535, 1048577, 65534, 65535, 1048577, 65535, 65535, 1048577 )
}

[node name="GridMap18" parent="Level4" instance=ExtResource( 1 )]
transform = Transform( 0.04, 0, 0, 0, 0.04, 0, 0, 0, 0.04, 1.6, 0, -0.8 )
data = {
"cells": PoolIntArray( 1, 0, 1, -65536, 0, 1048576, -2, 0, 2, -1, 0, 2, 0, 1, 1441793, 65534, 1, 1, 65535, 1, 1, 0, 65535, 1, 65534, 65535, 1, 65535, 65535, 1 )
}

[node name="OmniLight" type="OmniLight" parent="Level4"]
transform = Transform( 1, 0, 0, 0, 1, 0, 0, 0, 1, 0, 2, 0 )

[node name="CameraArm" type="Spatial" parent="."]
transform = Transform( 1, 0, 0, 0, 1, 0, 0, 0, 1, 1, 0, -1 )
script = SubResource( 1 )

[node name="Camera" type="Camera" parent="CameraArm"]
transform = Transform( 0.707107, -0.353553, 0.612372, 0, 0.866025, 0.5, -0.707107, -0.353553, 0.612372, 1.152, 1, 1.066 )
projection = 1
size = 0.5

[node name="CanvasLayer" type="CanvasLayer" parent="."]

[node name="Background" type="ColorRect" parent="CanvasLayer"]
anchor_right = 1.0
anchor_bottom = 1.0
color = Color( 0.14902, 0.168627, 0.266667, 0.501961 )
__meta__ = {
"_edit_use_anchors_": false
}

[node name="Menu" type="Control" parent="CanvasLayer"]
anchor_right = 1.0
anchor_bottom = 1.0
__meta__ = {
"_edit_use_anchors_": false
}

[node name="Logo" type="TextureRect" parent="CanvasLayer/Menu"]
anchor_left = 0.5
anchor_top = 0.5
anchor_right = 0.5
anchor_bottom = 0.5
margin_left = -360.0
margin_top = -72.0
margin_right = 360.0
margin_bottom = 72.0
texture = ExtResource( 2 )
expand = true
stretch_mode = 5
__meta__ = {
"_edit_use_anchors_": false
}

[node name="Label_Prompt" type="Label" parent="CanvasLayer/Menu"]
anchor_left = 0.5
anchor_top = 0.5
anchor_right = 0.5
anchor_bottom = 0.5
margin_left = -640.0
margin_top = 119.725
margin_right = 640.0
margin_bottom = 152.725
custom_fonts/font = SubResource( 3 )
custom_colors/font_color = Color( 0.87451, 0.898039, 0.933333, 1 )
custom_colors/font_color_shadow = Color( 0.14902, 0.168627, 0.266667, 1 )
custom_constants/shadow_offset_x = 2
custom_constants/shadow_offset_y = 2
text = "Press Enter to start"
align = 1
valign = 1
__meta__ = {
"_edit_use_anchors_": false
}

[node name="Label_ByLine" type="Label" parent="CanvasLayer/Menu"]
anchor_top = 1.0
anchor_right = 1.0
anchor_bottom = 1.0
margin_top = -48.0
custom_fonts/font = SubResource( 2 )
custom_colors/font_color = Color( 0.87451, 0.898039, 0.933333, 1 )
custom_colors/font_color_shadow = Color( 0.14902, 0.168627, 0.266667, 1 )
custom_constants/shadow_offset_x = 1
custom_constants/shadow_offset_y = 1
text = "Copyright John Gabriel 2021 - GNU GPL v3"
align = 1
valign = 1
__meta__ = {
"_edit_use_anchors_": false
}

[node name="Fadein" type="ColorRect" parent="CanvasLayer"]
modulate = Color( 1, 1, 1, 0 )
anchor_right = 1.0
anchor_bottom = 1.0
color = Color( 0.14902, 0.168627, 0.266667, 1 )
__meta__ = {
"_edit_use_anchors_": false
}

[node name="Tween" type="Tween" parent="."]
